% https://scottlocklin.wordpress.com/2022/02/19/managerial-failings-complification/
@misc{Locklin2022,
author = {Locklin, Scott},
title = {Managerial Failings: Complification},
howpublished = {Locklin on Science Blog},
url = {https://scottlocklin.wordpress.com/2022/02/19/managerial-failings-complification/},
urldate = {2022-02-19},
year = {2022}
}

% https://drdobbs.com/windows/net-and-dll-hell/184416837
@misc{Grimes2003,
author = {Grimes, Richard},
title = {{.NET} and {DLL} Hell},
howpublished = {Dr Dobb's Blog},
url = {https://drdobbs.com/windows/net-and-dll-hell/184416837},
urldate = {2003-06-04},
year = {2003}
}

% https://github.com/urbit/urbit/pull/5745
@misc{Monk2022,
author = {Monk, Philip C.},
title = "ford: rewrite cache to share more builds \#5745",
howpublished = {{GitHub} pull request},
url = {https://github.com/urbit/urbit/pull/5745},
urldate = {2022-05-03},
year = {2022}
}
